<record><leader>00000cas a22000007a 4500</leader><controlfield tag="001">9241522</controlfield><controlfield tag="008">830221d18891889okuwr ne      0    0eng d</controlfield><controlfield tag="009">1313</controlfield><datafield ind1=" " ind2=" " tag="010"><subfield code="a">sn 83025102 </subfield></datafield><datafield ind1=" " ind2=" " tag="040"><subfield code="a">WIH</subfield><subfield code="b">eng</subfield><subfield code="c">WIH</subfield><subfield code="d">NPV</subfield><subfield code="d">NPT</subfield><subfield code="d">ANU</subfield><subfield code="d">OBN</subfield><subfield code="d">CRL</subfield><subfield code="d">OCLCF</subfield><subfield code="d">OCLCO</subfield></datafield><datafield ind1="1" ind2=" " tag="029"><subfield code="a">AU@</subfield><subfield code="b">000020396336</subfield></datafield><datafield ind1=" " ind2=" " tag="042"><subfield code="a">msc</subfield></datafield><datafield ind1=" " ind2=" " tag="043"><subfield code="a">n-us-ok</subfield></datafield><datafield ind1=" " ind2=" " tag="045"><subfield code="a">w8w-</subfield></datafield><datafield ind1=" " ind2=" " tag="052"><subfield code="a">4023</subfield><subfield code="b">L6</subfield></datafield><datafield ind1="0" ind2="0" tag="245"><subfield code="a">Guthrie getup.</subfield></datafield><datafield ind1=" " ind2=" " tag="260"><subfield code="a">Guthrie, Okla. :</subfield><subfield code="b">Guthrie Pub. Co.,</subfield><subfield code="c">1889.</subfield></datafield><datafield ind1=" " ind2=" " tag="300"><subfield code="a">1 v.</subfield></datafield><datafield ind1=" " ind2=" " tag="310"><subfield code="a">Weekly</subfield></datafield><datafield ind1="0" ind2=" " tag="362"><subfield code="a">Vol. 1, no. 1 (Apr. 29, 1889)-v. 1, no. 17 (Aug. 29, 1889).</subfield></datafield><datafield ind1=" " ind2=" " tag="530"><subfield code="a">Also available on microfilm from Oklahoma Historical Society.</subfield></datafield><datafield ind1=" " ind2="0" tag="651"><subfield code="a">Guthrie (Okla.)</subfield><subfield code="v">Newspapers.</subfield></datafield><datafield ind1=" " ind2="0" tag="651"><subfield code="a">Logan County (Okla.)</subfield><subfield code="v">Newspapers.</subfield></datafield><datafield ind1=" " ind2="7" tag="655"><subfield code="a">Newspapers.</subfield><subfield code="2">fast</subfield><subfield code="0">(OCoLC)fst01423814</subfield></datafield><datafield ind1=" " ind2="7" tag="651"><subfield code="a">Oklahoma</subfield><subfield code="z">Guthrie.</subfield><subfield code="2">fast</subfield><subfield code="0">(OCoLC)fst01220328</subfield></datafield><datafield ind1=" " ind2="7" tag="651"><subfield code="a">Oklahoma</subfield><subfield code="z">Logan County.</subfield><subfield code="2">fast</subfield><subfield code="0">(OCoLC)fst01205715</subfield></datafield><datafield ind1=" " ind2=" " tag="752"><subfield code="a">United States</subfield><subfield code="b">Oklahoma</subfield><subfield code="c">Logan</subfield><subfield code="d">Guthrie.</subfield></datafield><datafield ind1="0" ind2="0" tag="785"><subfield code="t">Guthrie Republican</subfield><subfield code="w">(DLC)sn 86063954</subfield><subfield code="w">(OCoLC)13723570</subfield></datafield></record>